@misc{financial,
	howpublished ={\url{https://cn.investing.com}},
	note = {Accessed June, 2019},
	title = {英为财情},
	author = {},
	year = {2019},
}

@misc{worldbank,
	howpublished ={\url{https://databank.worldbank.org/data}},
	note = {Accessed June, 2019},
	title = {World Bank},
	author = {},
	year = {2019},
}

@misc{tetrad,
	howpublished = {\url{http://www.phil.cmu.edu/tetrad/}}，
	note = {Accessed June, 2019},
	title = {Tetrad},
	author = {},
	year = {2019},
}

@msic{dataset,
	howpublished = {\url{https://www.csie.ntu.edu.tw/~cjlin/libsvmtools/datasets/}},
	note = {Accessed June, 2019},
	title = {Iris, Colon cancer, MNIST},
	author = {},
	year = {2019},
}

@msic{dpdataset,
	howpublished = {\url{http://deeplearning.net/datasets/}},
	note = {Accessed June, 2019},
	title = {MNIST},
	author = {},
	year = {2019},
}

@msic{awa2dataset,
	howpublished = {\url{https://cvml.ist.ac.at/AwA2/}},
	note = {Accessed June, 2019},
	title = {AwA2},
	author = {},
	year = {2019}
}

@article{mnist12,
author = {Cireşan, Dan and Meier, Ueli and Schmidhuber, Juergen},
year = {2012},
month = {02},
pages = {},
title = {Multi-column Deep Neural Networks for Image Classification},
journal = {Proceedings / CVPR, IEEE Computer Society Conference on Computer Vision and Pattern Recognition. IEEE Computer Society Conference on Computer Vision and Pattern Recognition},
doi = {10.1109/CVPR.2012.6248110}
}

@article{causal,
author = {Spirtes, Peter and Zhang, Kun},
year = {2016},
month = {12},
pages = {},
title = {Causal discovery and inference: concepts and recent methodological advances},
volume = {3},
journal = {Applied Informatics},
doi = {10.1186/s40535-016-0018-x}
}

@inbook{igci,
author = {Janzing, Dominik and Steudel, Bastian and Shajarisales, Naji and Schölkopf, Bernhard},
year = {2015},
month = {08},
pages = {253-265},
title = {Justifying Information-Geometric Causal Inference},
isbn = {978-3-319-21852-6},
journal = {arXiv},
doi = {10.1007/978-3-319-21852-6}
}